<record><leader>00000cas a22000007a 4500</leader><controlfield tag="001">17415346</controlfield><controlfield tag="008">880201d18821883ohuwr ne      0    0eng d</controlfield><datafield ind1=" " ind2=" " tag="010"><subfield code="a">sn 88078230 </subfield></datafield><datafield ind1=" " ind2=" " tag="040"><subfield code="a">ONP</subfield><subfield code="b">eng</subfield><subfield code="c">ONP</subfield><subfield code="d">OCLCQ</subfield></datafield><datafield ind1=" " ind2=" " tag="042"><subfield code="a">msc</subfield></datafield><datafield ind1="0" ind2=" " tag="130"><subfield code="a">Democratic standard-commonwealth (Coshocton, Ohio)</subfield></datafield><datafield ind1="1" ind2="0" tag="245"><subfield code="a">Democratic standard-commonwealth.</subfield></datafield><datafield ind1=" " ind2=" " tag="260"><subfield code="a">Coshocton, Ohio :</subfield><subfield code="b">Beach &amp; McCabe,</subfield><subfield code="c">-1883.</subfield></datafield><datafield ind1=" " ind2=" " tag="310"><subfield code="a">Weekly</subfield></datafield><datafield ind1="1" ind2=" " tag="362"><subfield code="a">Began in Mar. 1882?</subfield></datafield><datafield ind1="0" ind2=" " tag="362"><subfield code="a">-v. 4, no. 36 (Dec. 29, 1883).</subfield></datafield><datafield ind1=" " ind2=" " tag="588"><subfield code="a">Description based on: Vol. 3, no. 50 (Apr. 8, 1882).</subfield></datafield><datafield ind1=" " ind2=" " tag="752"><subfield code="a">United States</subfield><subfield code="b">Ohio</subfield><subfield code="c">Coshocton</subfield><subfield code="d">Coshocton.</subfield></datafield><datafield ind1="0" ind2="4" tag="780"><subfield code="t">Coshocton County commonwealth</subfield><subfield code="w">(DLC)sn 88078229</subfield></datafield><datafield ind1="0" ind2="4" tag="780"><subfield code="t">Democratic standard (Coshocton, Ohio : 1881)</subfield><subfield code="w">(DLC)sn 88078231</subfield></datafield><datafield ind1="0" ind2="0" tag="785"><subfield code="t">Democratic standard (Coshocton, Ohio : 1884)</subfield><subfield code="w">(DLC)sn 88078232</subfield></datafield></record>